<?xml version="1.0" encoding="UTF-8"?><record xmlns="http://www.loc.gov/MARC21/slim" xmlns:cinclude="http://apache.org/cocoon/include/1.0" xmlns:zs="http://www.loc.gov/zing/srw/">
  <leader>00598cz  a2200145n  4500</leader>
  <controlfield tag="001">n  88082522 </controlfield>
  <controlfield tag="003">DLC</controlfield>
  <controlfield tag="005">19941219112154.5</controlfield>
  <controlfield tag="008">880713n| acannaab|          |a aaa |||  </controlfield>
  <datafield tag="010" ind1=" " ind2=" ">
    <subfield code="a">n  88082522 </subfield>
  </datafield>
  <datafield tag="040" ind1=" " ind2=" ">
    <subfield code="a">DLC</subfield>
    <subfield code="c">DLC</subfield>
    <subfield code="d">DLC</subfield>
  </datafield>
  <datafield tag="100" ind1="1" ind2="0">
    <subfield code="a">Petrosi︠a︡n, I. E.</subfield>
  </datafield>
  <datafield tag="400" ind1="1" ind2="0">
    <subfield code="a">Petrosi︠a︡n, Irina  Evgenʹevna</subfield>
  </datafield>
  <datafield tag="670" ind1=" " ind2=" ">
    <subfield code="a">Mebde-yi kanun-i Yeniçeri Osağı tarihi. Russian &amp; Ottoman Turkish. Mebde-i kanun-i Ĭenicheri Odzhagy tarikhi, 1987:</subfield>
    <subfield code="b">t.p. (I. E. Petrosi︠a︡n)</subfield>
  </datafield>
  <datafield tag="670" ind1=" " ind2=" ">
    <subfield code="a">Osmanskai︠a︡ imperii︠a︡, 1993:</subfield>
    <subfield code="b">t.p. (I.E. Petrosi︠a︡n) colophon (Petrosi︠a︡n Irina  Evgenʹevna)</subfield>
  </datafield>
</record>